@incollection{Bengio+chapter2007,
author = {Bengio, Yoshua and LeCun, Yann},
booktitle = {Large Scale Kernel Machines},
publisher = {MIT Press},
title = {Scaling Learning Algorithms Towards {AI}},
year = {2007}
}

@article{Hinton06,
author = {Hinton, Geoffrey E. and Osindero, Simon and Teh, Yee Whye},
journal = {Neural Computation},
pages = {1527--1554},
title = {A Fast Learning Algorithm for Deep Belief Nets},
volume = {18},
year = {2006}
}

@book{goodfellow2016deep,
title={Deep learning},
author={Goodfellow, Ian and Bengio, Yoshua and Courville, Aaron and Bengio, Yoshua},
volume={1},
year={2016},
publisher={MIT Press}
}

@article{mantelero2013eu,
  title={The EU Proposal for a General Data Protection Regulation and the roots of the ‘right to be forgotten’},
  author={Mantelero, Alessandro},
  journal={Computer Law \& Security Review},
  volume={29},
  number={3},
  pages={229--235},
  year={2013},
  publisher={Elsevier}
}
@misc{hayes2024,
      title={Inexact Unlearning Needs More Careful Evaluations to Avoid a False Sense of Privacy}, 
      author={Jamie Hayes and Ilia Shumailov and Eleni Triantafillou and Amr Khalifa and Nicolas Papernot},
      year={2024},
      eprint={2403.01218},
      archivePrefix={arXiv},
      primaryClass={cs.LG},
      url={https://arxiv.org/abs/2403.01218}, 
}
@article{wang2024llm,
  title={LLM Unlearning via Loss Adjustment with Only Forget Data},
  author={Wang, Yaxuan and Wei, Jiaheng and Liu, Chris Yuhao and Pang, Jinlong and Liu, Quan and Shah, Ankit Parag and Bao, Yujia and Liu, Yang and Wei, Wei},
  journal={arXiv preprint arXiv:2410.11143},
  year={2024}
}
@inproceedings{bonato2025retain,
  title={Is Retain Set All You Need in Machine Unlearning? Restoring Performance of Unlearned Models with Out-Of-Distribution Images},
  author={Bonato, Jacopo and Cotogni, Marco and Sabetta, Luigi},
  booktitle={European Conference on Computer Vision},
  pages={1--19},
  year={2025},
  organization={Springer}
}
@article{jeon2024information,
  title={An Information Theoretic Metric for Evaluating Unlearning Models},
  author={Jeon, Dongjae and Jeung, Wonje and Kim, Taeheon and No, Albert and Choi, Jonghyun},
  journal={arXiv preprint arXiv:2405.17878},
  year={2024}
}
@article{rangel2024learning,
  title={Learning to Forget using Hypernetworks},
  author={Rangel, Jose Miguel Lara and Schoepf, Stefan and Foster, Jack and Krueger, David and Anwar, Usman},
  journal={arXiv preprint arXiv:2412.00761},
  year={2024}
}
@misc{georgiev2024attributetodeletemachineunlearningdatamodel,
      title={Attribute-to-Delete: Machine Unlearning via Datamodel Matching}, 
      author={Kristian Georgiev and Roy Rinberg and Sung Min Park and Shivam Garg and Andrew Ilyas and Aleksander Madry and Seth Neel},
      year={2024},
      eprint={2410.23232},
      archivePrefix={arXiv},
      primaryClass={cs.LG},
      url={https://arxiv.org/abs/2410.23232}, 
}
@misc{aminian2024robustsemisupervisedlearningfdivergence,
      title={Robust Semi-supervised Learning via $f$-Divergence and $\alpha$-R\'enyi Divergence}, 
      author={Gholamali Aminian and Amirhossien Bagheri and Mahyar JafariNodeh and Radmehr Karimian and Mohammad-Hossein Yassaee},
      year={2024},
      eprint={2405.00454},
      archivePrefix={arXiv},
      primaryClass={cs.LG},
      url={https://arxiv.org/abs/2405.00454}, 
}
@inproceedings{cao2015towards,
  title={Towards making systems forget with machine unlearning},
  author={Cao, Yinzhi and Yang, Junfeng},
  booktitle={2015 IEEE symposium on security and privacy},
  pages={463--480},
  year={2015},
  organization={IEEE}
}
@inproceedings{thudi2022unrolling,
  title={Unrolling sgd: Understanding factors influencing machine unlearning},
  author={Thudi, Anvith and Deza, Gabriel and Chandrasekaran, Varun and Papernot, Nicolas},
  booktitle={2022 IEEE 7th European Symposium on Security and Privacy (EuroS\&P)},
  pages={303--319},
  year={2022},
  organization={IEEE}
}
@article{nguyen2020variational,
  title={Variational bayesian unlearning},
  author={Nguyen, Quoc Phong and Low, Bryan Kian Hsiang and Jaillet, Patrick},
  journal={Advances in Neural Information Processing Systems},
  volume={33},
  pages={16025--16036},
  year={2020}
}
@article{guo2019certified,
  title={Certified data removal from machine learning models},
  author={Guo, Chuan and Goldstein, Tom and Hannun, Awni and Van Der Maaten, Laurens},
  journal={arXiv preprint arXiv:1911.03030},
  year={2019}
}
@misc{sekhari2021rememberwantforgetalgorithms,
      title={Remember What You Want to Forget: Algorithms for Machine Unlearning}, 
      author={Ayush Sekhari and Jayadev Acharya and Gautam Kamath and Ananda Theertha Suresh},
      year={2021},
      eprint={2103.03279},
      archivePrefix={arXiv},
      primaryClass={cs.LG},
      url={https://arxiv.org/abs/2103.03279}, 
}
@article{li2024machine,
  title={Machine Unlearning: Taxonomy, Metrics, Applications, Challenges, and Prospects},
  author={Li, Na and Zhou, Chunyi and Gao, Yansong and Chen, Hui and Fu, Anmin and Zhang, Zhi and Shui, Yu},
  journal={arXiv preprint arXiv:2403.08254},
  year={2024}
}
@misc{kurmanji2023unboundedmachineunlearning,
      title={Towards Unbounded Machine Unlearning}, 
      author={Meghdad Kurmanji and Peter Triantafillou and Jamie Hayes and Eleni Triantafillou},
      year={2023},
      eprint={2302.09880},
      archivePrefix={arXiv},
      primaryClass={cs.LG},
      url={https://arxiv.org/abs/2302.09880}, 
}
@misc{roulet2025lossfunctionsoperatorsgenerated,
      title={Loss Functions and Operators Generated by f-Divergences}, 
      author={Vincent Roulet and Tianlin Liu and Nino Vieillard and Michael E. Sander and Mathieu Blondel},
      year={2025},
      eprint={2501.18537},
      archivePrefix={arXiv},
      primaryClass={cs.LG},
      url={https://arxiv.org/abs/2501.18537}, 
}
@misc{ginart2019makingaiforgetyou,
      title={Making AI Forget You: Data Deletion in Machine Learning}, 
      author={Antonio Ginart and Melody Y. Guan and Gregory Valiant and James Zou},
      year={2019},
      eprint={1907.05012},
      archivePrefix={arXiv},
      primaryClass={cs.LG},
      url={https://arxiv.org/abs/1907.05012}, 
}

@misc{novello2024fdivergencebasedclassificationuse,
      title={$f$-Divergence Based Classification: Beyond the Use of Cross-Entropy}, 
      author={Nicola Novello and Andrea M. Tonello},
      year={2024},
      eprint={2401.01268},
      archivePrefix={arXiv},
      primaryClass={cs.LG},
      url={https://arxiv.org/abs/2401.01268}, 
}
@misc{wang2023reverseklgeneralizingdirect,
      title={Beyond Reverse KL: Generalizing Direct Preference Optimization with Diverse Divergence Constraints}, 
      author={Chaoqi Wang and Yibo Jiang and Chenghao Yang and Han Liu and Yuxin Chen},
      year={2023},
      eprint={2309.16240},
      archivePrefix={arXiv},
      primaryClass={cs.LG},
      url={https://arxiv.org/abs/2309.16240}, 
}
@misc{goodfellow2014generativeadversarialnetworks,
      title={Generative Adversarial Networks}, 
      author={Ian J. Goodfellow and Jean Pouget-Abadie and Mehdi Mirza and Bing Xu and David Warde-Farley and Sherjil Ozair and Aaron Courville and Yoshua Bengio},
      year={2014},
      eprint={1406.2661},
      archivePrefix={arXiv},
      primaryClass={stat.ML},
      url={https://arxiv.org/abs/1406.2661}, 
}
@misc{nowozin2016fgantraininggenerativeneural,
      title={f-GAN: Training Generative Neural Samplers using Variational Divergence Minimization}, 
      author={Sebastian Nowozin and Botond Cseke and Ryota Tomioka},
      year={2016},
      eprint={1606.00709},
      archivePrefix={arXiv},
      primaryClass={stat.ML},
      url={https://arxiv.org/abs/1606.00709}, 
}
@misc{reid2009informationdivergenceriskbinary,
      title={Information, Divergence and Risk for Binary Experiments}, 
      author={Mark D. Reid and Robert C. Williamson},
      year={2009},
      eprint={0901.0356},
      archivePrefix={arXiv},
      primaryClass={stat.ML},
      url={https://arxiv.org/abs/0901.0356}, 
}
@misc{duchi2020learningmodelsuniformperformance,
      title={Learning Models with Uniform Performance via Distributionally Robust Optimization}, 
      author={John Duchi and Hongseok Namkoong},
      year={2020},
      eprint={1810.08750},
      archivePrefix={arXiv},
      primaryClass={stat.ML},
      url={https://arxiv.org/abs/1810.08750}, 
}
@article{Nguyen_2010,
   title={Estimating Divergence Functionals and the Likelihood Ratio by Convex Risk Minimization},
   volume={56},
   ISSN={1557-9654},
   url={http://dx.doi.org/10.1109/TIT.2010.2068870},
   DOI={10.1109/tit.2010.2068870},
   number={11},
   journal={IEEE Transactions on Information Theory},
   publisher={Institute of Electrical and Electronics Engineers (IEEE)},
   author={Nguyen, XuanLong and Wainwright, Martin J. and Jordan, Michael I.},
   year={2010},
   month=nov, pages={5847–5861} }

@Comment{jabref-meta: databaseType:bibtex;}
