@article{halimi2022federated,
  title={Federated unlearning: How to efficiently erase a client in fl?},
  author={Halimi, Anisa and Kadhe, Swanand and Rawat, Ambrish and Baracaldo, Nathalie},
  journal={arXiv preprint arXiv:2207.05521},
  year={2022}
}
@misc{georgiev2024attributetodeletemachineunlearningdatamodel,
      title={Attribute-to-Delete: Machine Unlearning via Datamodel Matching}, 
      author={Kristian Georgiev and Roy Rinberg and Sung Min Park and Shivam Garg and Andrew Ilyas and Aleksander Madry and Seth Neel},
      year={2024},
      eprint={2410.23232},
      archivePrefix={arXiv},
      primaryClass={cs.LG},
      url={https://arxiv.org/abs/2410.23232}, 
}